/home/jens/Documents/ma/latex/references.bib